@inproceedings{KZ05,
 author = {Kavan, Ladislav and \v{Z}\'{a}ra, Ji\v{r}\'{\i}},
 title = {Spherical blend skinning: a real-time deformation of articulated models},
 booktitle = {I3D '05: Proceedings of the 2005 symposium on Interactive 3D graphics and games},
 year = {2005},
 isbn = {1-59593-013-2},
 pages = {9--16},
 location = {Washington, District of Columbia},
 doi = {http://doi.acm.org/10.1145/1053427.1053429},
 publisher = {ACM},
 address = {New York, NY, USA},
},
@inproceedings{LCF00,
 author = {Lewis, J. P. and Cordner, Matt and Fong, Nickson},
 title = {Pose space deformation: a unified approach to shape interpolation and skeleton-driven deformation},
 booktitle = {Proceedings of the 27th annual conference on Computer graphics and interactive techniques},
 series = {SIGGRAPH '00},
 year = {2000},
 isbn = {1-58113-208-5},
 pages = {165--172},
 numpages = {8},
 url = {http://dx.doi.org/10.1145/344779.344862},
 doi = {http://dx.doi.org/10.1145/344779.344862},
 acmid = {344862},
 publisher = {ACM Press/Addison-Wesley Publishing Co.},
 address = {New York, NY, USA},
 keywords = {animation, applications, deformation, facial animation, morphing},
},
@article {RLN06,
author = {Rhee, Taehyun and Lewis, J.P. and Neumann, Ulrich},
title = {Real-Time Weighted Pose-Space Deformation on the GPU},
journal = {Computer Graphics Forum},
volume = {25},
number = {3},
publisher = {Blackwell Publishing, Inc},
issn = {1467-8659},
url = {http://dx.doi.org/10.1111/j.1467-8659.2006.00963.x},
doi = {10.1111/j.1467-8659.2006.00963.x},
pages = {439--448},
year = {2006},
}

